<?xml version="1.0" encoding="UTF-8"?><record xmlns="http://www.loc.gov/MARC21/slim" xmlns:cinclude="http://apache.org/cocoon/include/1.0" xmlns:zs="http://www.loc.gov/zing/srw/">
  <leader>00558cz  a2200157n  4500</leader>
  <controlfield tag="001">n  86865149 </controlfield>
  <controlfield tag="003">DLC</controlfield>
  <controlfield tag="005">20020604110141.0</controlfield>
  <controlfield tag="008">861114n| acannaab           |a aad     c</controlfield>
  <datafield tag="010" ind1=" " ind2=" ">
    <subfield code="a">n  86865149 </subfield>
  </datafield>
  <datafield tag="035" ind1=" " ind2=" ">
    <subfield code="a">(OCoLC)oca01713546</subfield>
  </datafield>
  <datafield tag="040" ind1=" " ind2=" ">
    <subfield code="a">ICU</subfield>
    <subfield code="c">ICU</subfield>
  </datafield>
  <datafield tag="100" ind1="1" ind2="0">
    <subfield code="a">Littlewood, Dudley Ernest</subfield>
  </datafield>
  <datafield tag="400" ind1="1" ind2=" ">
    <subfield code="a">Littlewood, D. E.</subfield>
    <subfield code="q">(Dudley Ernst)</subfield>
  </datafield>
  <datafield tag="670" ind1=" " ind2=" ">
    <subfield code="a">LCCN 50-10155: His The theory of group characters and matrix representations of groups, 1950</subfield>
    <subfield code="b">(hdg.: Littlewood, Dudley Ernest)</subfield>
  </datafield>
  <datafield tag="670" ind1=" " ind2=" ">
    <subfield code="a">The skelton key of mathematics, c2002:</subfield>
    <subfield code="b">CIP t.p. (D. E. Littlewood)</subfield>
  </datafield>
</record>